%% This BibTeX bibliography file was created using BibDesk.
%% http://bibdesk.sourceforge.net/


%% Created for Daniel Snell at 2018-05-17 19:25:42 +1200 


%% Saved with string encoding Unicode (UTF-8) 



@article{calderbank:2000aa,
	Author = {David M. J. Calderbank and Tammo Diemer},
	Date-Added = {2018-05-17 07:24:49 +0000},
	Date-Modified = {2018-05-17 07:25:04 +0000},
	Howpublished = {J.Reine Angew.Math. 537 (2001) 67-103},
	Journal = {Available at arXiv:math/0001158},
	Title = {Differential invariants and curved Bernstein-Gelfand-Gelfand sequences},
	Year = {2000}}

@article{2001Diac,
	Issn = {0075-4102},
	Journal = {Journal f{\"u}r die reine und angewandte Mathematik (Crelles Journal)},
	Keywords = {Mathematics;},
	Month = {August},
	Number = {537},
	Pages = {67--103},
	Publisher = {Walter de Gruyter GmbH & Co. KG},
	Title = {Differential invariants and curved Bernstein-Gelfand-Gelfand sequences},
	Volume = {2001},
	Year = {2001}}

@book{cartan:1955aa,
	Author = {Cartan, {\'E}.},
	Date-Added = {2017-03-13 23:04:26 +0000},
	Date-Modified = {2017-03-13 23:05:07 +0000},
	Publisher = {Gauthiers-Villars, Paris},
	Title = {Les espaces {\`a} connexion conforme},
	Year = {1955}}

@article{cap:2002aa,
	Author = {\v{C}ap, A and Gover, A},
	Date-Added = {2017-03-03 02:48:23 +0000},
	Date-Modified = {2017-03-03 02:49:01 +0000},
	Journal = {Transactions of the American Mathematical Society},
	Title = {{Tractor calculi for parabolic geometries}},
	Year = {2002}}

@article{branson:2002aa,
	Author = {Branson, T and Gover, A R},
	Date-Added = {2017-03-03 01:16:16 +0000},
	Date-Modified = {2017-03-03 01:16:18 +0000},
	Journal = {Differential Geometry and its Applications},
	Title = {{Electromagnetism, metric deformations, ellipticity and gauge operators on conformal 4-manifolds}},
	Year = {2002}}

@article{gover:2010aa,
	Abstract = {An almost Einstein manifold satisfies equations which are a slight weakening of the Einstein equations; Einstein metrics, Poincar{\'e}--Einstein metrics, and compactifications of certain Ricci-flat asymptotically locally Euclidean structures are special cases. The governing equation is a conformally invariant overdetermined \{PDE\} on a function. Away from the zeros of this function the almost Einstein structure is Einstein, while the zero set gives a scale singularity set which may be viewed as a conformal infinity for the Einstein metric. In this article there are two main results: we give a simple classification of the possible scale singularity spaces of almost Einstein manifolds; we derive geometric results which explicitly relate the intrinsic (conformal) geometry of the conformal infinity to the conformal structure of the ambient almost Einstein manifold. The latter includes new results for Poincar{\'e}--Einstein manifolds. Classes of examples are constructed. A compatible generalisation of the constant scalar curvature condition is also developed. This includes almost Einstein as a special case, and when its curvature is suitably negative, is closely linked to the notion of an asymptotically hyperbolic structure. },
	Author = {A. Rod Gover},
	Date-Added = {2017-03-02 22:23:52 +0000},
	Date-Modified = {2017-03-02 22:23:54 +0000},
	Doi = {http://dx.doi.org/10.1016/j.geomphys.2009.09.016},
	Issn = {0393-0440},
	Journal = {Journal of Geometry and Physics},
	Keywords = {Conformal differential geometry},
	Number = {2},
	Pages = {182 - 204},
	Title = {Almost Einstein and Poincar{\'e}--Einstein manifolds in Riemannian signature},
	Url = {http://www.sciencedirect.com/science/article/pii/S0393044009001715},
	Volume = {60},
	Year = {2010},
	Bdsk-Url-1 = {http://www.sciencedirect.com/science/article/pii/S0393044009001715},
	Bdsk-Url-2 = {http://dx.doi.org/10.1016/j.geomphys.2009.09.016}}

@article{thomas:1926aa,
	Author = {Tracy Yerkes Thomas},
	Date-Added = {2017-02-26 22:22:10 +0000},
	Date-Modified = {2017-02-26 22:22:13 +0000},
	Issn = {00278424},
	Journal = {Proceedings of the National Academy of Sciences of the United States of America},
	Number = {5},
	Pages = {352-359},
	Publisher = {National Academy of Sciences},
	Title = {On Conformal Geometry},
	Url = {http://www.jstor.org/stable/84634},
	Volume = {12},
	Year = {1926},
	Bdsk-Url-1 = {http://www.jstor.org/stable/84634}}

@article{kostant:1961aa,
	Author = {Bertram Kostant},
	Date-Added = {2017-02-26 06:36:50 +0000},
	Date-Modified = {2017-02-26 06:36:51 +0000},
	Issn = {0003486X},
	Journal = {Annals of Mathematics},
	Number = {2},
	Pages = {329-387},
	Publisher = {Annals of Mathematics},
	Title = {Lie Algebra Cohomology and the Generalized Borel-Weil Theorem},
	Url = {http://www.jstor.org/stable/1970237},
	Volume = {74},
	Year = {1961},
	Bdsk-Url-1 = {http://www.jstor.org/stable/1970237}}

@misc{cap:2005aa,
	Author = {{\v{C}}ap, A.},
	Date-Added = {2017-02-26 03:24:00 +0000},
	Date-Modified = {2017-02-26 03:24:48 +0000},
	Eprint = {math/0508535},
	Note = {Available at http://www.arxiv.org/abs/math/0508535},
	Title = {Infinitesimal Automorphisms and Deformations of Parabolic Geometries},
	Url = {http://www.arxiv.org/abs/math/0508535},
	Year = {2005},
	Bdsk-Url-1 = {http://www.arxiv.org/abs/math/0508535}}

@book{sharpe:2000aa,
	Author = {Sharpe, R.W. and Chern, S.S.},
	Date-Added = {2017-02-26 01:15:40 +0000},
	Date-Modified = {2017-02-26 01:15:42 +0000},
	Isbn = {9780387947327},
	Lccn = {lc96013757},
	Publisher = {Springer New York},
	Series = {Graduate Texts in Mathematics},
	Title = {Differential Geometry: Cartan's Generalization of Klein's Erlangen Program},
	Url = {https://books.google.co.nz/books?id=Ytqs4xU5QKAC},
	Year = {2000},
	Bdsk-Url-1 = {https://books.google.co.nz/books?id=Ytqs4xU5QKAC}}

@book{cap:2009aa,
	Author = {\v{C}ap, A. and Slov{\'a}k, J.},
	Date-Added = {2017-02-26 00:10:16 +0000},
	Date-Modified = {2017-03-13 22:54:26 +0000},
	Isbn = {9780821826812},
	Lccn = {2009009335},
	Publisher = {American Mathematical Society},
	Series = {Mathematical surveys and monographs},
	Title = {Parabolic Geometries: Background and general theory},
	Url = {https://books.google.co.nz/books?id=NMyFAwAAQBAJ},
	Year = {2009},
	Bdsk-Url-1 = {https://books.google.co.nz/books?id=NMyFAwAAQBAJ}}

@book{spivak:1979aa,
	Author = {Spivak, M.},
	Date-Added = {2017-02-26 00:07:37 +0000},
	Date-Modified = {2017-02-26 00:07:38 +0000},
	Isbn = {9780914098829},
	Number = {v. 1},
	Publisher = {Publish or Perish},
	Series = {A Comprehensive Introduction to Differential Geometry},
	Title = {A Comprehensive Introduction to Differential Geometry},
	Url = {https://books.google.co.nz/books?id=jgqODAEACAAJ},
	Year = {1979},
	Bdsk-Url-1 = {https://books.google.co.nz/books?id=jgqODAEACAAJ}}

@misc{kolar:1993aa,
	Author = {Kol{\'a}r, Ivan and Slov{\'a}k, Jan and Michor, Peter W.},
	Date-Added = {2017-02-25 23:50:27 +0000},
	Date-Modified = {2017-02-25 23:50:29 +0000},
	Publisher = {Springer, free electronic ed. www.emis.de (1999)},
	Title = {Natural operations in differential geometry},
	Year = {1993}}

@misc{fefferman:2008aa,
	Author = {Fefferman, Charles and Graham, C. Robin},
	Date-Added = {2017-02-25 23:46:14 +0000},
	Date-Modified = {2017-02-25 23:46:16 +0000},
	Eprint = {0710.0919},
	Note = {Available at http://www.arxiv.org/abs/0710.0919},
	Title = {The ambient metric},
	Url = {http://www.arxiv.org/abs/0710.0919},
	Year = {2008},
	Bdsk-Url-1 = {http://www.arxiv.org/abs/0710.0919}}

@article{cap:2014aa,
	Author = {{\v C}ap, A. and Gover, A. R. and Hammerl, M.},
	Date-Added = {2017-02-23 02:59:20 +0000},
	Date-Modified = {2017-02-23 03:02:50 +0000},
	Journal = {Duke Mathematical Journal},
	Month = {04},
	Number = {5},
	Pages = {1035--1070},
	Title = {Holonomy reductions of Cartan geometries and curved orbit decompositions},
	Volume = {163},
	Year = {2014}}

@article{frances:2008aa,
	Author = {Frances, Charles},
	Date-Added = {2017-02-23 01:25:31 +0000},
	Date-Modified = {2017-02-23 01:25:42 +0000},
	Eprint = {0806.1008},
	Note = {Available at http://www.arxiv.org/abs/0806.1008},
	Title = {Rigidity at the boundary for conformal structures and other Cartan geometries},
	Url = {http://www.arxiv.org/abs/0806.1008},
	Year = {2008},
	Bdsk-Url-1 = {http://www.arxiv.org/abs/0806.1008}}

@article{eastwood:2014aa,
	Author = {Eastwood, Michael},
	Date-Added = {2017-02-23 00:47:47 +0000},
	Date-Modified = {2017-02-23 00:48:08 +0000},
	Eprint = {1412.0746},
	Note = {Available at http://www.arxiv.org/abs/1412.0746},
	Title = {Uniqueness of the stereographic embedding},
	Url = {http://www.arxiv.org/abs/1412.0746},
	Year = {2014},
	Bdsk-Url-1 = {http://www.arxiv.org/abs/1412.0746}}

@article{cap:2012aa,
	Author = {{\v{C}}ap, A. and Gover, A. R. and Hammerl, M.},
	Date-Added = {2015-10-13 16:03:01 +0000},
	Date-Modified = {2016-05-20 02:18:00 +0000},
	Doi = {10.1142/S0129167X12501170},
	Fjournal = {International Journal of Mathematics},
	Issn = {0129-167X},
	Journal = {Internat. J. Math.},
	Mrclass = {53B15 (53A20 53A30 53C29)},
	Mrnumber = {3005570},
	Mrreviewer = {William M. McGovern},
	Number = {11},
	Pages = {1250117, 29},
	Title = {Normal {BGG} solutions and polynomials},
	Url = {http://dx.doi.org.ezproxy.auckland.ac.nz/10.1142/S0129167X12501170},
	Volume = {23},
	Year = {2012},
	Bdsk-Url-1 = {http://dx.doi.org.ezproxy.auckland.ac.nz/10.1142/S0129167X12501170},
	Bdsk-Url-2 = {http://dx.doi.org/10.1142/S0129167X12501170}}

@article{hammerl:2012ab,
	Author = {Hammerl, Matthias and Somberg, Petr and Sou{\v{c}}ek, Vladim{\'{\i}}r and {\v{S}}ilhan, Josef},
	Date-Added = {2015-10-13 16:02:53 +0000},
	Date-Modified = {2016-05-20 02:18:00 +0000},
	Doi = {10.4171/JEMS/349},
	Fjournal = {Journal of the European Mathematical Society (JEMS)},
	Issn = {1435-9855},
	Journal = {J. Eur. Math. Soc. (JEMS)},
	Mrclass = {58J70 (17B56 53A55 53C35 58A32)},
	Mrnumber = {2984590},
	Mrreviewer = {Adrian C. Albu},
	Number = {6},
	Pages = {1859--1883},
	Title = {On a new normalization for tractor covariant derivatives},
	Url = {http://dx.doi.org.ezproxy.auckland.ac.nz/10.4171/JEMS/349},
	Volume = {14},
	Year = {2012},
	Bdsk-Url-1 = {http://dx.doi.org.ezproxy.auckland.ac.nz/10.4171/JEMS/349},
	Bdsk-Url-2 = {http://dx.doi.org/10.4171/JEMS/349}}

@article{hammerl:2012aa,
	Author = {Hammerl, M. and Somberg, P. and Sou{\v{c}}ek, V. and {\v{S}}ilhan, J.},
	Coden = {AGAGDV},
	Date-Added = {2015-10-13 16:02:42 +0000},
	Date-Modified = {2016-05-20 02:18:00 +0000},
	Doi = {10.1007/s10455-011-9306-9},
	Fjournal = {Annals of Global Analysis and Geometry},
	Issn = {0232-704X},
	Journal = {Ann. Global Anal. Geom.},
	Mrclass = {53C15 (35N10 53A20 53A30 53A55 53B15 58J70)},
	Mrnumber = {2912672},
	Mrreviewer = {Andreas Cap},
	Number = {1},
	Pages = {121--145},
	Title = {Invariant prolongation of overdetermined {PDE}s in projective, conformal, and {G}rassmannian geometry},
	Url = {http://dx.doi.org.ezproxy.auckland.ac.nz/10.1007/s10455-011-9306-9},
	Volume = {42},
	Year = {2012},
	Bdsk-Url-1 = {http://dx.doi.org.ezproxy.auckland.ac.nz/10.1007/s10455-011-9306-9},
	Bdsk-Url-2 = {http://dx.doi.org/10.1007/s10455-011-9306-9}}

@article{hammerl:2008aa,
	Author = {Hammerl, Matthias},
	Date-Added = {2015-10-13 16:00:08 +0000},
	Date-Modified = {2016-05-20 02:18:00 +0000},
	Fjournal = {Universitatis Masarykianae Brunensis. Facultas Scientiarum Naturalium. Archivum Mathematicum},
	Issn = {0044-8753},
	Journal = {Arch. Math. (Brno)},
	Mrclass = {58J70 (35C15 35N10 53A30)},
	Mrnumber = {2501573 (2010j:58084)},
	Mrreviewer = {Michael G. Eastwood},
	Number = {5},
	Pages = {367--384},
	Title = {Invariant prolongation of {BGG}-operators in conformal geometry},
	Volume = {44},
	Year = {2008}}

@misc{andersson:2015aa,
	Author = {Andersson, Lars and Blue, Pieter},
	Date-Added = {2015-10-13 15:41:17 +0000},
	Date-Modified = {2016-05-20 02:18:00 +0000},
	Eprint = {0908.2265},
	Note = {Available at http://www.arxiv.org/abs/0908.2265},
	Title = {Hidden symmetries and decay for the wave equation on the {K}err spacetime},
	Url = {http://www.arxiv.org/abs/0908.2265},
	Year = {2015},
	Bdsk-Url-1 = {http://www.arxiv.org/abs/0908.2265}}

@article{friedrich:1987aa,
	Author = {Friedrich, H. and Schmidt, B. G.},
	Coden = {PRLAAZ},
	Date-Added = {2015-10-13 15:10:38 +0000},
	Date-Modified = {2016-05-20 02:18:00 +0000},
	Fjournal = {Proceedings of the Royal Society. London. Series A. Mathematical, Physical and Engineering Sciences},
	Issn = {0962-8444},
	Journal = {Proc. Roy. Soc. London Ser. A},
	Mrclass = {83C30},
	Mrnumber = {919722 (89b:83041)},
	Mrreviewer = {Peter R. Law},
	Number = {1846},
	Pages = {171--195},
	Title = {Conformal geodesics in general relativity},
	Volume = {414},
	Year = {1987}}

@book{wald:1984aa,
	Author = {Wald, Robert M.},
	Date-Added = {2015-10-13 14:56:42 +0000},
	Date-Modified = {2016-05-20 02:18:00 +0000},
	Doi = {10.7208/chicago/9780226870373.001.0001},
	Isbn = {0-226-87032-4; 0-226-87033-2},
	Mrclass = {83-02 (83-01)},
	Mrnumber = {757180 (86a:83001)},
	Mrreviewer = {Arthur Greenspoon},
	Pages = {xiii+491},
	Publisher = {University of Chicago Press, Chicago, IL},
	Title = {General relativity},
	Url = {http://dx.doi.org.ezproxy.auckland.ac.nz/10.7208/chicago/9780226870373.001.0001},
	Year = {1984},
	Bdsk-Url-1 = {http://dx.doi.org.ezproxy.auckland.ac.nz/10.7208/chicago/9780226870373.001.0001},
	Bdsk-Url-2 = {http://dx.doi.org/10.7208/chicago/9780226870373.001.0001}}

@misc{tod:2012aa,
	Author = {Tod, Paul},
	Date-Added = {2015-10-13 14:53:45 +0000},
	Date-Modified = {2016-05-20 02:18:00 +0000},
	Eprint = {1204.6151},
	Note = {Available at http://www.arxiv.org/abs/1204.6151},
	Title = {Some examples of the behaviour of conformal geodesics},
	Url = {http://www.arxiv.org/abs/1204.6151},
	Year = {2012},
	Bdsk-Url-1 = {http://www.arxiv.org/abs/1204.6151}}

@misc{curry:2015aa,
	Author = {Curry, Sean and Gover, A. Rod},
	Date-Added = {2015-10-10 22:58:11 +0000},
	Date-Modified = {2016-05-20 02:18:00 +0000},
	Eprint = {1412.7559},
	Note = {Available at http://www.arxiv.org/abs/1412.7559},
	Title = {An introduction to conformal geometry and tractor calculus, with a view to applications in general relativity},
	Url = {http://www.arxiv.org/abs/1412.7559},
	Year = {2015},
	Bdsk-Url-1 = {http://www.arxiv.org/abs/1412.7559}}

@article{bailey:1994aa,
	Author = {Bailey, T. N. and Eastwood, M. G. and Gover, A. R.},
	Coden = {RMJMAE},
	Date-Added = {2015-10-08 02:12:20 +0000},
	Date-Modified = {2016-05-20 02:18:00 +0000},
	Doi = {10.1216/rmjm/1181072333},
	Fjournal = {The Rocky Mountain Journal of Mathematics},
	Issn = {0035-7596},
	Journal = {Rocky Mountain J. Math.},
	Mrclass = {53A30 (53A20 58G30)},
	Mrnumber = {1322223 (96e:53016)},
	Mrreviewer = {G. R. Jensen},
	Number = {4},
	Pages = {1191--1217},
	Title = {Thomas's structure bundle for conformal, projective and related structures},
	Url = {http://dx.doi.org.ezproxy.auckland.ac.nz/10.1216/rmjm/1181072333},
	Volume = {24},
	Year = {1994},
	Bdsk-Url-1 = {http://dx.doi.org.ezproxy.auckland.ac.nz/10.1216/rmjm/1181072333},
	Bdsk-Url-2 = {http://dx.doi.org/10.1216/rmjm/1181072333}}

@article{bailey:1990aa,
	Author = {Bailey, T. N. and Eastwood, M. G.},
	Coden = {PAMYAR},
	Date-Added = {2015-10-08 02:10:50 +0000},
	Date-Modified = {2016-05-20 02:18:00 +0000},
	Doi = {10.2307/2047716},
	Fjournal = {Proceedings of the American Mathematical Society},
	Issn = {0002-9939},
	Journal = {Proc. Amer. Math. Soc.},
	Mrclass = {53C22 (58G30 83C60)},
	Mrnumber = {994771 (90d:53053)},
	Mrreviewer = {Garry Ludwig},
	Number = {1},
	Pages = {215--221},
	Title = {Conformal circles and parametrizations of curves in conformal manifolds},
	Url = {http://dx.doi.org.ezproxy.auckland.ac.nz/10.2307/2047716},
	Volume = {108},
	Year = {1990},
	Bdsk-Url-1 = {http://dx.doi.org.ezproxy.auckland.ac.nz/10.2307/2047716},
	Bdsk-Url-2 = {http://dx.doi.org/10.2307/2047716}}

@incollection{cap:2000aa,
	Author = {{\v{C}}ap, A. and Gover, A. R.},
	Booktitle = {Global analysis and harmonic analysis ({M}arseille-{L}uminy, 1999)},
	Date-Added = {2015-10-07 13:05:12 +0000},
	Date-Modified = {2017-02-26 03:25:09 +0000},
	Mrclass = {53C07 (53A30 53C05 53C15)},
	Mrnumber = {1822358 (2002b:53033)},
	Mrreviewer = {William M. McGovern},
	Pages = {129--154},
	Publisher = {Soc. Math. France, Paris},
	Series = {S\'emin. Congr.},
	Title = {Tractor bundles for irreducible parabolic geometries},
	Volume = {4},
	Year = {2000}}

@book{eisenhart:1949aa,
	Author = {Eisenhart, Luther Pfahler},
	Date-Added = {2015-10-07 12:55:57 +0000},
	Date-Modified = {2016-05-20 02:18:00 +0000},
	Mrclass = {53.0X},
	Mrnumber = {0035081 (11,687g)},
	Mrreviewer = {J. A. Schouten},
	Note = {2d printing},
	Pages = {vii+306},
	Publisher = {Princeton University Press, Princeton, N. J.},
	Title = {Riemannian {G}eometry},
	Year = {1949}}

@book{carmo:1992aa,
	Author = {do Carmo, Manfredo Perdig{\~a}o},
	Date-Added = {2015-10-06 11:51:09 +0000},
	Date-Modified = {2016-05-20 02:18:00 +0000},
	Doi = {10.1007/978-1-4757-2201-7},
	Isbn = {0-8176-3490-8},
	Mrclass = {53-01},
	Mrnumber = {1138207 (92i:53001)},
	Mrreviewer = {Bang-yen Chen},
	Note = {Translated from the second Portuguese edition by Francis Flaherty},
	Pages = {xiv+300},
	Publisher = {Birkh\"auser Boston, Inc., Boston, MA},
	Series = {Mathematics: Theory \& Applications},
	Title = {Riemannian geometry},
	Url = {http://dx.doi.org.ezproxy.auckland.ac.nz/10.1007/978-1-4757-2201-7},
	Year = {1992},
	Bdsk-Url-1 = {http://dx.doi.org.ezproxy.auckland.ac.nz/10.1007/978-1-4757-2201-7},
	Bdsk-Url-2 = {http://dx.doi.org/10.1007/978-1-4757-2201-7}}

@book{besse:1987aa,
	Author = {Besse, Arthur L.},
	Date-Added = {2015-10-06 11:23:15 +0000},
	Date-Modified = {2016-05-20 02:18:00 +0000},
	Doi = {10.1007/978-3-540-74311-8},
	Isbn = {3-540-15279-2},
	Mrclass = {53C25 (53-02 53C21 53C30 53C55 58D17 58E11)},
	Mrnumber = {867684 (88f:53087)},
	Mrreviewer = {S. M. Salamon},
	Pages = {xii+510},
	Publisher = {Springer-Verlag, Berlin},
	Series = {Ergebnisse der Mathematik und ihrer Grenzgebiete (3) [Results in Mathematics and Related Areas (3)]},
	Title = {Einstein manifolds},
	Url = {http://dx.doi.org.ezproxy.auckland.ac.nz/10.1007/978-3-540-74311-8},
	Volume = {10},
	Year = {1987},
	Bdsk-Url-1 = {http://dx.doi.org.ezproxy.auckland.ac.nz/10.1007/978-3-540-74311-8},
	Bdsk-Url-2 = {http://dx.doi.org/10.1007/978-3-540-74311-8}}

@book{lee:2003aa,
	Author = {Lee, John M.},
	Date-Added = {2015-10-06 09:12:15 +0000},
	Date-Modified = {2016-05-20 02:18:00 +0000},
	Doi = {10.1007/978-0-387-21752-9},
	Isbn = {0-387-95495-3},
	Mrclass = {58-01 (53-01 57-01)},
	Mrnumber = {1930091 (2003k:58001)},
	Mrreviewer = {J{\"u}rgen Eichhorn},
	Pages = {xviii+628},
	Publisher = {Springer-Verlag, New York},
	Series = {Graduate Texts in Mathematics},
	Title = {Introduction to smooth manifolds},
	Url = {http://dx.doi.org.ezproxy.auckland.ac.nz/10.1007/978-0-387-21752-9},
	Volume = {218},
	Year = {2003},
	Bdsk-Url-1 = {http://dx.doi.org.ezproxy.auckland.ac.nz/10.1007/978-0-387-21752-9},
	Bdsk-Url-2 = {http://dx.doi.org/10.1007/978-0-387-21752-9}}

@book{penrose:1984aa,
	Author = {Penrose, Roger and Rindler, Wolfgang},
	Date-Added = {2015-10-06 08:44:36 +0000},
	Date-Modified = {2016-05-20 02:18:00 +0000},
	Doi = {10.1017/CBO9780511564048},
	Isbn = {0-521-24527-3},
	Mrclass = {83-02 (53A50 53B50 53C80 83Cxx)},
	Mrnumber = {776784 (86h:83002)},
	Mrreviewer = {Adam Helfer},
	Note = {Two-spinor calculus and relativistic fields},
	Pages = {x+458},
	Publisher = {Cambridge University Press, Cambridge},
	Series = {Cambridge Monographs on Mathematical Physics},
	Title = {Spinors and space-time. {V}ol. 1},
	Url = {http://dx.doi.org.ezproxy.auckland.ac.nz/10.1017/CBO9780511564048},
	Year = {1984},
	Bdsk-Url-1 = {http://dx.doi.org.ezproxy.auckland.ac.nz/10.1017/CBO9780511564048},
	Bdsk-Url-2 = {http://dx.doi.org/10.1017/CBO9780511564048}}

@article{gover:2006aa,
	Author = {Gover, A. R.},
	Coden = {MAANA},
	Date-Added = {2015-10-06 04:45:04 +0000},
	Date-Modified = {2016-05-20 02:18:00 +0000},
	Doi = {10.1007/s00208-006-0004-z},
	Fjournal = {Mathematische Annalen},
	Issn = {0025-5831},
	Journal = {Math. Ann.},
	Mrclass = {58J60 (53C20 53C21)},
	Mrnumber = {2244375 (2007f:58046)},
	Mrreviewer = {Mohameden Ould Ahmedou},
	Number = {2},
	Pages = {311--334},
	Title = {Laplacian operators and {$Q$}-curvature on conformally {E}instein manifolds},
	Url = {http://dx.doi.org.ezproxy.auckland.ac.nz/10.1007/s00208-006-0004-z},
	Volume = {336},
	Year = {2006},
	Bdsk-Url-1 = {http://dx.doi.org.ezproxy.auckland.ac.nz/10.1007/s00208-006-0004-z},
	Bdsk-Url-2 = {http://dx.doi.org/10.1007/s00208-006-0004-z}}
